@Article{Aye201702,
	author ={Yan Naing Aye},
	title = {မြန်မာဘာသာအတွက် LaTeX နမူနာပုံစံ။},
	journal = {GitHub (https://github.com/yan9a/LaTeX\_Myanmar\_Language)},
	year = {2017}, 
	month     = {February},
}
