@InProceedings{aye2012,
author = {Yan Naing Aye and Su Zhao and Cheng Yap Shee and Wei Tech Ang},
title = {Fusion of Inertial Measurements and Vision Feedback for Microsurgery},
booktitle = {Advances in Intelligent and Soft Computing},
year = {2012},
}
